@INPROCEEDINGS{Abran03consolidatingthe,
    author = {Alain Abran and Adel Khelifi and Witold Suryn and Ahmed Seffah},
    title = {Consolidating the ISO Usability Models},
    booktitle = {In submitted to the 11th International Software Quality Management Conference and the 8th Annual INSPIRE Conference},
    year = {2003}
}

@inproceedings{AlAzzazi:2007:SSE:1353801.1353805,
 author = {Al Azzazi, Ahmad and El Sheikh, Asim},
 title = {Security Software Engineering: Do It the Right Way},
 booktitle = {Proceedings of the 6th WSEAS International Conference on Software Engineering, Parallel and Distributed Systems},
 series = {SEPADS'07},
 year = {2007},
 isbn = {978-960-8457-59-1},
 location = {Corfu Island, Greece},
 pages = {19--23},
 numpages = {5},
 url = {http://dl.acm.org/citation.cfm?id=1353801.1353805},
 acmid = {1353805},
 publisher = {World Scientific and Engineering Academy and Society (WSEAS)},
 address = {Stevens Point, Wisconsin, USA},
 keywords = {SSE-CMM, engineering (SQUARE), security quality requirements, software engineering, software engineering for secure systems},
}

@article{Ampatzoglou:2007:EOD:1230152.1230366,
	author = {Ampatzoglou, Apostolos and Chatzigeorgiou, Alexander},
	title = {Evaluation of Object-oriented Design Patterns in Game Development},
	journal = {Inf. Softw. Technol.},
	issue_date = {May, 2007},
	volume = {49},
	number = {5},
	month = may,
	year = {2007},
	issn = {0950-5849},
	pages = {445--454},
	numpages = {10},
	url = {http://dx.doi.org/10.1016/j.infsof.2006.07.003},
	doi = {10.1016/j.infsof.2006.07.003},
	acmid = {1230366},
	publisher = {Butterworth-Heinemann},
	address = {Newton, MA, USA},
	keywords = {Design patterns, Game development, Software evaluation, Software metrics},
}

@INPROCEEDINGS{Avots05improvingsoftware,
	author = {Dzintars Avots and Michael Dalton and V. Benjamin Livshits and Monica S. Lam and V. Benjamin and Livshits Monica and S. Lam},
	title = {Improving Software Security with a C Pointer Analysis},
	booktitle = {In ICSE â€™05: Proceedings of the 27th International Conference on Software Engineering},
	year = {2005},
	pages = {332--341},
	publisher = {ACM Press}
}

@article{Baker:2005:ECG:1063020.1063022,
	author = {Baker, Alex and Navarro, Emily Oh and van der Hoek, Andr{\'e}},
	title = {An Experimental Card Game for Teaching Software Engineering Processes},
	journal = {J. Syst. Softw.},
	issue_date = {15 February 2005},
	volume = {75},
	number = {1-2},
	month = feb,
	year = {2005},
	issn = {0164-1212},
	pages = {3--16},
	numpages = {14},
	url = {http://dx.doi.org/10.1016/j.jss.2004.02.033},
	doi = {10.1016/j.jss.2004.02.033},
	acmid = {1063022},
	publisher = {Elsevier Science Inc.},
	address = {New York, NY, USA},
	keywords = {educational games, simulation games, software engineering education, software engineering simulation},
}

@article{Brynjolfsson:1998:BPP:280324.280332,
	author = {Brynjolfsson, Erik and Hitt, Lorin M.},
	title = {Beyond the Productivity Paradox},
	journal = {Commun. ACM},
	issue_date = {Aug. 1998},
	volume = {41},
	number = {8},
	month = aug,
	year = {1998},
	issn = {0001-0782},
	pages = {49--55},
	numpages = {7},
	url = {http://doi.acm.org/10.1145/280324.280332},
	doi = {10.1145/280324.280332},
	acmid = {280332},
	publisher = {ACM},
	address = {New York, NY, USA},
}

@article{Charland:2011:MAD:1941487.1941504,
 author = {Charland, Andre and Leroux, Brian},
 title = {Mobile Application Development: Web vs. Native},
 journal = {Commun. ACM},
 issue_date = {May 2011},
 volume = {54},
 number = {5},
 month = may,
 year = {2011},
 issn = {0001-0782},
 pages = {49--53},
 numpages = {5},
 url = {http://doi.acm.org/10.1145/1941487.1941504},
 doi = {10.1145/1941487.1941504},
 acmid = {1941504},
 publisher = {ACM},
 address = {New York, NY, USA},
}

@article{Claypool:2005:TSE:1151954.1067482,
 author = {Claypool, Kajal and Claypool, Mark},
 title = {Teaching Software Engineering Through Game Design},
 journal = {SIGCSE Bull.},
 issue_date = {September 2005},
 volume = {37},
 number = {3},
 month = jun,
 year = {2005},
 issn = {0097-8418},
 pages = {123--127},
 numpages = {5},
 url = {http://doi.acm.org/10.1145/1151954.1067482},
 doi = {10.1145/1151954.1067482},
 acmid = {1067482},
 publisher = {ACM},
 address = {New York, NY, USA},
 keywords = {computer games, game design, game engineering, software engineering},
}

@MISC{Cowan03softwaresecurity,
    author = {Crispin Cowan},
    title = {Software Security for Open-Source Systems},
    year = {2003}
}

@article{Cumps:2006:10.1109/MITP.2006.115,
	author = {Bjorn Cumps and Stijn Viaene and Guido Dedene},
	title = {Managing for Better Business-IT Alignment},
	journal ={IT Professional},
	volume = {8},
	number = {5},
	issn = {1520-9202},
	year = {2006},
	pages = {17-24},
	doi = {http://doi.ieeecomputersociety.org/10.1109/MITP.2006.115},
	publisher = {IEEE Computer Society},
	address = {Los Alamitos, CA, USA},
}

@article{Dalton:2007:RFI:1273440.1250722,
	author = {Dalton, Michael and Kannan, Hari and Kozyrakis, Christos},
	title = {Raksha: A Flexible Information Flow Architecture for Software Security},
	journal = {SIGARCH Comput. Archit. News},
	issue_date = {May 2007},
	volume = {35},
	number = {2},
	month = jun,
	year = {2007},
	issn = {0163-5964},
	pages = {482--493},
	numpages = {12},
	url = {http://doi.acm.org/10.1145/1273440.1250722},
	doi = {10.1145/1273440.1250722},
	acmid = {1250722},
	publisher = {ACM},
	address = {New York, NY, USA},
	keywords = {dynamic, semantic vulnerabilities, software security},
}

@article{David:2002:MYT:502269.502273,
	author = {David, Julie Smith and Schuff, David and St. Louis, Robert},
	title = {Managing Your Total IT Cost of Ownership},
	journal = {Commun. ACM},
	issue_date = {January 2002},
	volume = {45},
	number = {1},
	month = jan,
	year = {2002},
	issn = {0001-0782},
	pages = {101--106},
	numpages = {6},
	url = {http://doi.acm.org/10.1145/502269.502273},
	doi = {10.1145/502269.502273},
	acmid = {502273},
	publisher = {ACM},
	address = {New York, NY, USA},
}

@article{DBLP:journals:corr:abs-1008-3561,
	author    = {Rana Naim and
			   Mohammad Fahim Nizam and
			   Sheetal Hanamasagar and
			   Jalal Noureddine and
			   Marinela Miladinova},
	title     = {Comparative Studies of 10 Programming Languages within 10
			   Diverse Criteria - a Team 10 COMP6411-S10 Term Report},
	journal   = {CoRR},
	volume    = {abs/1008.3561},
	year      = {2010},
	ee        = {http://arxiv.org/abs/1008.3561},
	bibsource = {DBLP, http://dblp.uni-trier.de}
}

@inproceedings{Elkhodary:2007:SAA:1270237.1270329,
	author = {Elkhodary, Ahmed and Whittle, Jon},
	title = {A Survey of Approaches to Adaptive Application Security},
	booktitle = {Proceedings of the 2007 International Workshop on Software Engineering for Adaptive and Self-Managing Systems},
	series = {SEAMS '07},
	year = {2007},
	isbn = {0-7695-2973-9},
	pages = {16--},
	url = {http://dx.doi.org/10.1109/SEAMS.2007.2},
	doi = {10.1109/SEAMS.2007.2},
	acmid = {1270329},
	publisher = {IEEE Computer Society},
	address = {Washington, DC, USA},
}

@incollection{Erlingsson:2007:LSS:1793914.1793919,
	author = {Erlingsson, \'{U}lfar},
	chapter = {Low-level Software Security: Attacks and Defenses},
	title = {Foundations of Security Analysis and Design IV},
	editor = {Aldini, Alessandro and Gorrieri, Roberto},
	year = {2007},
	isbn = {3-540-74809-1, 978-3-540-74809-0},
	pages = {92--134},
	numpages = {43},
	url = {http://dl.acm.org/citation.cfm?id=1793914.1793919},
	acmid = {1793919},
	publisher = {Springer-Verlag},
	address = {Berlin, Heidelberg},
}

@MISC{Erlingsson:2007:example,
    author = {Erlingsson, \'{U}lfar and Younan, Yves and Piessens, Frank},
    title = {Low-level software security by example},
    year = {2007},
		url = {http://people.cs.kuleuven.be/~frank.piessens/OVS/llssbe.pdf},
		howpublished = {Online},
}

@inproceedings{Lu:2006:LBM:1230040.1230064,
 author = {Lu, Fengyun and Parkin, Simon and Morgan, Graham},
 title = {Load Balancing for Massively Multiplayer Online Games},
 booktitle = {Proceedings of 5th ACM SIGCOMM Workshop on Network and System Support for Games},
 series = {NetGames '06},
 year = {2006},
 isbn = {1-59593-589-4},
 location = {Singapore},
 articleno = {1},
 url = {http://doi.acm.org/10.1145/1230040.1230064},
 doi = {10.1145/1230040.1230064},
 acmid = {1230064},
 publisher = {ACM},
 address = {New York, NY, USA},
}
