@book{Arora:2009:CCM:1540612,
	author = {Arora, Sanjeev and Barak, Boaz},
	title = {Computational Complexity: A Modern Approach},
	year = {2009},
	isbn = {0521424267, 9780521424264},
	edition = {1st},
	publisher = {Cambridge University Press},
	address = {New York, NY, USA},
}

@book{Barber:2012:BRM:2207809,
	author = {Barber, David},
	title = {Bayesian Reasoning and Machine Learning},
	year = {2012},
	isbn = {0521518148, 9780521518147},
	publisher = {Cambridge University Press},
	address = {New York, NY, USA},
}

@book{Bass:2012:SAP:2392670,
	author = {Bass, Len and Clements, Paul and Kazman, Rick},
	title = {Software Architecture in Practice},
	year = {2012},
	isbn = {0321815734, 9780321815736},
	edition = {3rd},
	publisher = {Addison-Wesley Professional},
}

@book{Bisseling:2004:PSC:994207,
	author = {Bisseling, Rob H.},
	title = {Parallel Scientific Computation: A Structured Approach Using BSP and MPI},
	year = {2004},
	isbn = {0198529392},
	publisher = {Oxford University Press},
}

@book{Bultheel:2007,
	author = {Bultheel, Adhemar},
	title = {Inleiding tot de numerieke wiskunde},
	year = {2007},
	isbn = {978-9033462535},
	edition = {2nd},
	publisher = {Uitgeverij Acco},
	address = {Brusselsestraat 153, 3000 Leuven, Belgium},
}
@book{Cormen:2009:IAT:1614191,
	author = {Cormen, Thomas H. and Leiserson, Charles E. and Rivest, Ronald L. and Stein, Clifford},
	title = {Introduction to Algorithms, Third Edition},
	year = {2009},
	isbn = {0262033844, 9780262033848},
	edition = {3rd},
	publisher = {The MIT Press},
}

@book{Coulouris:2011:DSC:2029110,
	author = {Coulouris, George and Dollimore, Jean and Kindberg, Tim and Blair, Gordon},
	title = {Distributed Systems: Concepts and Design},
	year = {2011},
	isbn = {0132143011, 9780132143011},
	edition = {5th},
	publisher = {Addison-Wesley Publishing Company},
	address = {USA},
}

@book{Gamma:1995:DPE:186897,
	author = {Gamma, Erich and Helm, Richard and Johnson, Ralph and Vlissides, John},
	title = {Design Patterns: Elements of Reusable Object-oriented Software},
	year = {1995},
	isbn = {0-201-63361-2},
	publisher = {Addison-Wesley Longman Publishing Co., Inc.},
	address = {Boston, MA, USA},
}

@book{Freeman:2004,
	author = {Freeman, Eric and Robson, Elisabeth and Bates, Bert and Sierra, Kathy},
	title = {Head First Design Patterns},
	year = {2004},
	isbn = {978-0-596-00712-6},
	publisher = {O'Reilly Media, Inc.},
	address = {1005 Gravenstein Highway North, Sebastopol, CA 95472},
}

@book{Friedman:2008:EPL:1378240,
	author = {Friedman, Daniel P. and Wand, Mitchell},
	title = {Essentials of Programming Languages, 3rd Edition},
	year = {2008},
	isbn = {0262062798, 9780262062794},
	edition = {3},
	publisher = {The MIT Press},
}

@book{Krafzig:2004:ESS:1096077,
	author = {Krafzig, Dirk and Banke, Karl and Slama, Dirk},
	title = {Enterprise SOA: Service-Oriented Architecture Best Practices (The Coad Series)},
	year = {2004},
	isbn = {0131465759},
	publisher = {Prentice Hall PTR},
	address = {Upper Saddle River, NJ, USA},
}

@book{Nielsen:1993:UE:529793,
	author = {Nielsen, Jakob},
	title = {Usability Engineering},
	year = {1993},
	isbn = {0125184050},
	publisher = {Morgan Kaufmann Publishers Inc.},
	address = {San Francisco, CA, USA},
}

@book{Nisan:2007:AGT:1296179,
	author = {Nisan, Noam and Roughgarden, Tim and Tardos, Eva and Vazirani, Vijay V.},
	title = {Algorithmic Game Theory},
	year = {2007},
	isbn = {0521872820},
	publisher = {Cambridge University Press},
	address = {New York, NY, USA},
}

@book{O'Rourke:1998:CGC:289380,
	author = {O'Rourke, Joseph},
	title = {Computational Geometry in C (2Nd Ed.)},
	year = {1998},
	isbn = {0-521-64976-5},
	publisher = {Cambridge University Press},
	address = {New York, NY, USA},
}

@Book{Rajaraman:2012,
	author    = {Anand Rajaraman and Jure Leskovec and Jeffrey Ullman},
	title     = {Mining of Massive Datasets},
	year      = {2012},
	publisher = {Cambridge University Press},
	page			= {326}
}

@book{Sebesta:2009:CPL:1610376,
	author = {Sebesta, Robert W.},
	title = {Concepts of Programming Languages},
	year = {2009},
	isbn = {0136073476},
	edition = {9th},
	publisher = {Addison-Wesley Publishing Company},
	address = {USA},
}

@book{Shirley:2009:FCG:1628957,
 author = {Shirley, Peter and Marschner, Steve},
 title = {Fundamentals of Computer Graphics},
 year = {2009},
 isbn = {1568814690, 9781568814698},
 edition = {3rd},
 publisher = {A. K. Peters, Ltd.},
 address = {Natick, MA, USA},
}

@book{Snyder:2003,
	author = {Snyder, Carolyn},
	title = {Paper Prototyping: The Fast and Easy Way to Design and Refine User Interfaces (Interactive Technologies)},
	year = {2003},
	isbn = {1558608702, 978-1558608702},
	publisher = {Morgan Kaufmann},
	edition = {1st},
	pages = {408},
}

@book{Stallings:2004:OS:993867,
	author = {Stallings, William},
	title = {Operating Systems (5th Edition)},
	year = {2004},
	isbn = {0131479547},
	publisher = {Prentice-Hall, Inc.},
	address = {Upper Saddle River, NJ, USA},
}

@book{Steele:2010:BVL:1875157,
	author = {Steele, Julie and Iliinsky, Noah},
	title = {Beautiful Visualization: Looking at Data Through the Eyes of Experts},
	year = {2010},
	isbn = {1449379869, 9781449379865},
	edition = {1st},
	publisher = {O'Reilly Media, Inc.},
}

@book{Steegmans:2011,
	author = {Steegmans, Eric},
	title = {Object Oriented Programming with Java},
	year = {2011},
	isbn = {978-90-334-8366-0},
	edition = {1st},
	publisher = {Uitgeverij Acco},
	address = {Blijde Inkomststraat 22, 3000 Leuven, Belgie},
}

@book{Tanenbaum:2002:CN:572404,
	author = {Tanenbaum, Andrew},
	title = {Computer Networks},
	year = {2002},
	isbn = {0130661023},
	edition = {4th},
	publisher = {Prentice Hall Professional Technical Reference},
}

@book{VanderLans:2006,
	author = {Van der Lans, Rick},
	title = {Het SQL Leerboek},
	year = {2006},
	isbn = {9039523029},
	edition = {6th},
	publisher = {Sdu Uitgevers bv},
	address = {Postbus 20014, 2500 EA, Den Haag},
}

@book{Ware:2004:IVP:983611,
	author = {Ware, Colin},
	title = {Information Visualization: Perception for Design},
	year = {2004},
	isbn = {1558608192},
	publisher = {Morgan Kaufmann Publishers Inc.},
	address = {San Francisco, CA, USA},
}

@book{Wu:2007:CIO:1209819,
	author = {Wu, C. Thomas},
	title = {A Comprehensive Introduction to Object-Oriented Programming with Java},
	year = {2008},
	isbn = {007331708X, 9780073317083},
	edition = {1},
	publisher = {McGraw-Hill, Inc.},
	address = {New York, NY, USA},
}