@article{DBLP:journals:corr:abs-1008-3561,
  author    = {Rana Naim and
               Mohammad Fahim Nizam and
               Sheetal Hanamasagar and
               Jalal Noureddine and
               Marinela Miladinova},
  title     = {Comparative Studies of 10 Programming Languages within 10
               Diverse Criteria - a Team 10 COMP6411-S10 Term Report},
  journal   = {CoRR},
  volume    = {abs/1008.3561},
  year      = {2010},
  ee        = {http://arxiv.org/abs/1008.3561},
  bibsource = {DBLP, http://dblp.uni-trier.de}
}