@Online{Doe:2009:Online,
	author = {{Soa School}},
	title = {Soa School},
	month = {april},
	year = {2014},
	url = {http://soaschool.com/}
}

@Online{serviceorientation:2014:Online,
	author = {{Service-orientation}},
	title = {Service-orientation},
	month = {april},
	year = {2014},
	url = {http://serviceorientation.com/}
}
